<?xml version="1.0" encoding="UTF-8"?><collection xmlns="http://www.loc.gov/MARC21/slim"><record><leader>00529nam--2200181-i-4500</leader><controlfield tag="001">000044156</controlfield><controlfield tag="002">20161230</controlfield><controlfield tag="005">20161230201044</controlfield><controlfield tag="008">060222s1000------------r-----000-0-eng-d</controlfield><datafield ind1=" " ind2=" " tag="040"><subfield code="a">IFIN-HH</subfield></datafield><datafield ind1=" " ind2=" " tag="080"><subfield code="a">537:538</subfield></datafield><datafield ind1="1" ind2=" " tag="100"><subfield code="a">Pugh, Emerson M</subfield></datafield><datafield ind1="1" ind2="0" tag="245"><subfield code="a">Principles of electricity and magnetism</subfield><subfield code="c">Emerson m. pugh; emerson w. pugh</subfield></datafield><datafield ind1=" " ind2=" " tag="260"><subfield code="a">Reading,Massachusetts</subfield><subfield code="b">Addision-wesley Publishing Company, Inc</subfield><subfield code="c">1965</subfield></datafield><datafield ind1=" " ind2=" " tag="300"><subfield code="a">XI+430P</subfield></datafield><datafield ind1="1" ind2=" " tag="700"><subfield code="a">Pugh, Emerson W</subfield></datafield><datafield ind1=" " ind2=" " tag="852"><subfield code="a">27595</subfield><subfield code="c">537:538</subfield></datafield><datafield ind1=" " ind2=" " tag="CAT"><subfield code="a">Sys</subfield><subfield code="c">20110614</subfield><subfield code="h">152109</subfield></datafield></record></collection>